%YAML 1.1
%TAG !u! tag:unity3d.com,2011:
--- !u!1 &3143243754180337017
GameObject:
  m_ObjectHideFlags: 0
  m_CorrespondingSourceObject: {fileID: 0}
  m_PrefabInstance: {fileID: 0}
  m_PrefabAsset: {fileID: 0}
  serializedVersion: 6
  m_Component:
  - component: {fileID: 7664948899833917779}
  - component: {fileID: 4544048467037040396}
  - component: {fileID: 5717916277953670046}
  - component: {fileID: 1744919973043855805}
  m_Layer: 0
  m_Name: Sphere
  m_TagString: Untagged
  m_Icon: {fileID: 0}
  m_NavMeshLayer: 0
  m_StaticEditorFlags: 0
  m_IsActive: 1
--- !u!4 &7664948899833917779
Transform:
  m_ObjectHideFlags: 0
  m_CorrespondingSourceObject: {fileID: 0}
  m_PrefabInstance: {fileID: 0}
  m_PrefabAsset: {fileID: 0}
  m_GameObject: {fileID: 3143243754180337017}
  m_LocalRotation: {x: 0, y: 0, z: 0, w: 1}
  m_LocalPosition: {x: -0.364, y: 0.232, z: 0}
  m_LocalScale: {x: 0.22441, y: 0.22441, z: 0.22441}
  m_Children:
  - {fileID: 2749931619634425261}
  m_Father: {fileID: 0}
  m_RootOrder: 0
  m_LocalEulerAnglesHint: {x: 0, y: 0, z: 0}
--- !u!33 &4544048467037040396
MeshFilter:
  m_ObjectHideFlags: 0
  m_CorrespondingSourceObject: {fileID: 0}
  m_PrefabInstance: {fileID: 0}
  m_PrefabAsset: {fileID: 0}
  m_GameObject: {fileID: 3143243754180337017}
  m_Mesh: {fileID: 10207, guid: 0000000000000000e000000000000000, type: 0}
--- !u!23 &5717916277953670046
MeshRenderer:
  m_ObjectHideFlags: 0
  m_CorrespondingSourceObject: {fileID: 0}
  m_PrefabInstance: {fileID: 0}
  m_PrefabAsset: {fileID: 0}
  m_GameObject: {fileID: 3143243754180337017}
  m_Enabled: 1
  m_CastShadows: 1
  m_ReceiveShadows: 1
  m_DynamicOccludee: 1
  m_MotionVectors: 1
  m_LightProbeUsage: 1
  m_ReflectionProbeUsage: 1
  m_RenderingLayerMask: 1
  m_RendererPriority: 0
  m_Materials:
  - {fileID: 10303, guid: 0000000000000000f000000000000000, type: 0}
  m_StaticBatchInfo:
    firstSubMesh: 0
    subMeshCount: 0
  m_StaticBatchRoot: {fileID: 0}
  m_ProbeAnchor: {fileID: 0}
  m_LightProbeVolumeOverride: {fileID: 0}
  m_ScaleInLightmap: 1
  m_PreserveUVs: 0
  m_IgnoreNormalsForChartDetection: 0
  m_ImportantGI: 0
  m_StitchLightmapSeams: 0
  m_SelectedEditorRenderState: 3
  m_MinimumChartSize: 4
  m_AutoUVMaxDistance: 0.5
  m_AutoUVMaxAngle: 89
  m_LightmapParameters: {fileID: 0}
  m_SortingLayerID: 0
  m_SortingLayer: 0
  m_SortingOrder: 0
--- !u!135 &1744919973043855805
SphereCollider:
  m_ObjectHideFlags: 0
  m_CorrespondingSourceObject: {fileID: 0}
  m_PrefabInstance: {fileID: 0}
  m_PrefabAsset: {fileID: 0}
  m_GameObject: {fileID: 3143243754180337017}
  m_Material: {fileID: 0}
  m_IsTrigger: 0
  m_Enabled: 0
  serializedVersion: 2
  m_Radius: 0.5
  m_Center: {x: 0, y: 0, z: 0}
--- !u!1001 &4572072174180296757
PrefabInstance:
  m_ObjectHideFlags: 0
  serializedVersion: 2
  m_Modification:
    m_TransformParent: {fileID: 7664948899833917779}
    m_Modifications:
    - target: {fileID: 8882760630890210634, guid: 59516b08d3d04cf43bdfc24bf00d6040,
        type: 3}
      propertyPath: m_Name
      value: footprints-304329_960_720
      objectReference: {fileID: 0}
    - target: {fileID: 1827048946268784024, guid: 59516b08d3d04cf43bdfc24bf00d6040,
        type: 3}
      propertyPath: m_LocalPosition.x
      value: -0.167
      objectReference: {fileID: 0}
    - target: {fileID: 1827048946268784024, guid: 59516b08d3d04cf43bdfc24bf00d6040,
        type: 3}
      propertyPath: m_LocalPosition.y
      value: 2.81
      objectReference: {fileID: 0}
    - target: {fileID: 1827048946268784024, guid: 59516b08d3d04cf43bdfc24bf00d6040,
        type: 3}
      propertyPath: m_LocalPosition.z
      value: -0.12
      objectReference: {fileID: 0}
    - target: {fileID: 1827048946268784024, guid: 59516b08d3d04cf43bdfc24bf00d6040,
        type: 3}
      propertyPath: m_LocalRotation.x
      value: 0.58982164
      objectReference: {fileID: 0}
    - target: {fileID: 1827048946268784024, guid: 59516b08d3d04cf43bdfc24bf00d6040,
        type: 3}
      propertyPath: m_LocalRotation.y
      value: 0.06076821
      objectReference: {fileID: 0}
    - target: {fileID: 1827048946268784024, guid: 59516b08d3d04cf43bdfc24bf00d6040,
        type: 3}
      propertyPath: m_LocalRotation.z
      value: -0.052451048
      objectReference: {fileID: 0}
    - target: {fileID: 1827048946268784024, guid: 59516b08d3d04cf43bdfc24bf00d6040,
        type: 3}
      propertyPath: m_LocalRotation.w
      value: 0.8035338
      objectReference: {fileID: 0}
    - target: {fileID: 1827048946268784024, guid: 59516b08d3d04cf43bdfc24bf00d6040,
        type: 3}
      propertyPath: m_RootOrder
      value: 0
      objectReference: {fileID: 0}
    - target: {fileID: 1827048946268784024, guid: 59516b08d3d04cf43bdfc24bf00d6040,
        type: 3}
      propertyPath: m_LocalEulerAnglesHint.x
      value: 72.603004
      objectReference: {fileID: 0}
    - target: {fileID: 1827048946268784024, guid: 59516b08d3d04cf43bdfc24bf00d6040,
        type: 3}
      propertyPath: m_LocalEulerAnglesHint.y
      value: 6.8740005
      objectReference: {fileID: 0}
    - target: {fileID: 1827048946268784024, guid: 59516b08d3d04cf43bdfc24bf00d6040,
        type: 3}
      propertyPath: m_LocalEulerAnglesHint.z
      value: -2.417
      objectReference: {fileID: 0}
    - target: {fileID: 1827048946268784024, guid: 59516b08d3d04cf43bdfc24bf00d6040,
        type: 3}
      propertyPath: m_LocalScale.x
      value: 3.0492775
      objectReference: {fileID: 0}
    - target: {fileID: 1827048946268784024, guid: 59516b08d3d04cf43bdfc24bf00d6040,
        type: 3}
      propertyPath: m_LocalScale.y
      value: 3.0492775
      objectReference: {fileID: 0}
    - target: {fileID: 1827048946268784024, guid: 59516b08d3d04cf43bdfc24bf00d6040,
        type: 3}
      propertyPath: m_LocalScale.z
      value: 3.0492775
      objectReference: {fileID: 0}
    m_RemovedComponents: []
  m_SourcePrefab: {fileID: 100100000, guid: 59516b08d3d04cf43bdfc24bf00d6040, type: 3}
--- !u!4 &2749931619634425261 stripped
Transform:
  m_CorrespondingSourceObject: {fileID: 1827048946268784024, guid: 59516b08d3d04cf43bdfc24bf00d6040,
    type: 3}
  m_PrefabInstance: {fileID: 4572072174180296757}
  m_PrefabAsset: {fileID: 0}
